	@misc{
		TORCS,
		title = {The {O}pen {R}acing {C}ar {S}imulator},
		howpublished = "Online",
		note="Avaiable: http://torcs.sourceforge.net/"
	}

	@misc{
		SAX,
		title = {{S}imple {API} for {XML}},
		note = {Avaiable: http://www.saxproject.org/},
		howpublished = "Online"
	}

	@misc{
		meuGit,
		title = {Metrica para Pistas do TORCS},
		note = {Avaiable: https://github.com/fabiocmarquesUnB/MetricaPistasTORCS/},
		howpublished = "Online"
	}

	@article{
		automaticgen,
		author={D. Loiacono and L. Cardamone and P. L. Lanzi}, 
		journal={IEEE Transactions on Computational Intelligence and AI in Games}, 
		title={Automatic Track Generation for High-End Racing Games Using Evolutionary Computation}, 
		year={2011}, 
		volume={3}, 
		number={3}, 
		pages={245-259}, 
		ISSN={1943-068X}, 
		month={Sept}
	}

	@article{
		trackgen,
		title = "TrackGen: An interactive track generator for \{TORCS\} and Speed-Dreams ",
		journal = "Applied Soft Computing ",
		volume = "28",
		pages = "550 - 558",
		year = "2015",
		issn = "1568-4946",
		doi = "http://dx.doi.org/10.1016/j.asoc.2014.11.010",
		url = "http://www.sciencedirect.com/science/article/pii/S1568494614005705",
		author = "Luigi Cardamone and Pier Luca Lanzi and Daniele Loiacono",
	}

	@article{
		berniw,
		title = "The TORCS Racing Board",
		Author = "Bernhard Wymann",
		note = "http://berniw.org/homepage/"
	}
