@article{Cardamone2015550,
title = "TrackGen: An interactive track generator for \{TORCS\} and Speed-Dreams ",
journal = "Applied Soft Computing ",
volume = "28",
pages = "550 - 558",
year = "2015",
issn = "1568-4946",
doi = "http://dx.doi.org/10.1016/j.asoc.2014.11.010",
url = "http://www.sciencedirect.com/science/article/pii/S1568494614005705",
author = "Luigi Cardamone and Pier Luca Lanzi and Daniele Loiacono",
}

